@booklet{book-of-swarm,
  author={Viktor Tr√≥n},
  year={2024},
  month={2},
  title={The Book of {S}warm},
  howpublished={Self-published},
  url={https://papers.ethswarm.org/p/book-of-swarm/}
}

@book{sutton2018reinforcement,
  title={Reinforcement learning: An introduction},
  author={Richard S. Sutton and Andrew G. Barto},
  publisher={The MIT Press},
  series={Adaptive Computation and Machine Learning},
  edition={2},
  isbn={9780262039246},
  year={2018}
}

@book{mascollel1995microeconomic,
  title={Microeconomic Theory},
  author={Andreu Mas-Colell, Michael D. Whinston, and Jerry R. Green},
  publisher={Oxford University Press},
  isbn={9780195073409},
  year={1995}
}